@article{DBLP:journals/corr/DorogushGGKPV17,
  author       = {Anna Veronika Dorogush and
                  Andrey Gulin and
                  Gleb Gusev and
                  Nikita Kazeev and
                  Liudmila Ostroumova Prokhorenkova and
                  Aleksandr Vorobev},
  title        = {Fighting biases with dynamic boosting},
  journal      = {CoRR},
  volume       = {abs/1706.09516},
  year         = {2017},
  url          = {http://arxiv.org/abs/1706.09516},
  eprinttype    = {arXiv},
  eprint       = {1706.09516},
  timestamp    = {Mon, 13 Aug 2018 16:46:23 +0200},
  biburl       = {https://dblp.org/rec/journals/corr/DorogushGGKPV17.bib},
  bibsource    = {dblp computer science bibliography, https://dblp.org}
}



@article{ArtificialIntelligenceReview,
  author       = {Chen and Yang and Yu and Shi and Chen},
  title        = {A survey on imbalanced learning: latest research, applications and future directions},
  journal      = {Artificial Intelligence Review},
  year         = {2024},
  biburl       = {https://doi.org/10.1007/s10462-024-10759-6},
}


@article{LouppeRF,
  author       = {Gilles Louppe},
  title        = {Understanding Random Forests},
  journal      = {University of Liège, Faculty of applied Science},
  year         = {2014},
  month        = {July},
  url       = {https://arxiv.org/pdf/1407.7502}
}




@article{DBLP:journals/corr/abs-1106-1813,
  author       = {Kevin W. Bowyer and
                  Nitesh V. Chawla and
                  Lawrence O. Hall and
                  W. Philip Kegelmeyer},
  title        = {{SMOTE:} Synthetic Minority Over-sampling Technique},
  journal      = {CoRR},
  volume       = {abs/1106.1813},
  year         = {2011},
  url          = {http://arxiv.org/abs/1106.1813},
  eprinttype    = {arXiv},
  eprint       = {1106.1813},
  timestamp    = {Mon, 13 Aug 2018 16:46:59 +0200},
  biburl       = {https://dblp.org/rec/journals/corr/abs-1106-1813.bib},
  bibsource    = {dblp computer science bibliography, https://dblp.org}
}



@online{HarrisonPim,
  author       = {Pim, Harrison},
  title        = {The best way to encode dates, times, and other cyclical features},
  year         = {2023},
  url          = {https://harrisonpim.com/blog/the-best-way-to-encode-dates-times-and-other-cyclical-features}
}




@online{JasonBrownlee,
  author       = {Jason Brownlee},
  title        = {How to Calibrate Probabilities for Imbalanced Classification},
  year         = {2020},
  url          = {https://machinelearningmastery.com/probability-calibration-for-imbalanced-classification/}
}

@online{ExperianLatAmDataLab,
  author       = {Experian LatAm DataLab},
  title        = {Imbalanced Binary Classification - A survey with code},
  year         = {2022},
  url          = {https://pibieta.github.io/imbalanced_learning/notebooks/Calibration.html}
}


@online{wikiensemble,
  author       = {Wikipedia},
  title        = {Ensemble Learning},
  year         = {2024},
  url          = {https://en.wikipedia.org/wiki/Ensemble_learning}
}




@online{AlvinT.Tan,
  author       = {Alvin T. Tan},
  title        = {Tackling Imbalanced Data with Predicted Probabilities},
  year         = {2021},
  url          = {https://towardsdatascience.com/tackling-imbalanced-data-with-predicted-probabilities-3293602f0f2}
}

@article{https://arxiv.org/pdf/1603.02754,
author = {Tianqi Chen and Carlos Guestrin},
year = {2016},
month = {06},
journal = {},
url = {https://arxiv.org/pdf/1603.02754},
title = {XGBoost: A Scalable Tree Boosting System},
doi = {1603.02754}
}

@article{Friedman2001,
 author = {Jerome H. Friedman},
 journal = {The Annals of Statistics},
 number = {5},
 pages = {1189--1232},
 publisher = {Institute of Mathematical Statistics},
 title = {Greedy Function Approximation: A Gradient Boosting Machine},
 volume = {29},
 year = {2001}
}


@online{IntroductionToBoostedTrees,
  author       = {Developers XGBoost},
  title        = {Introduction to Boosted Trees},
  year         = {2022},
  url          = {https://xgboost.readthedocs.io/en/stable/tutorials/model.html}}

@article{LightGBM,
author = {Qi Meng and Thomas Finley and Taifeng Wang and Wei Chen and Weidong Ma and Qiwei Ye and Tie-Yan Liu},
year = {2017},
journal = {},
month = {06},
url = {https://dl.acm.org/doi/10.5555/3294996.3295074},
title = {LightGBM: A Highly Efficient Gradient Boosting
Decision Tree}}



@online{AppliedMachineLearning,
  author       = {Andreas Müller},
  title        = {Calibration, Imbalanced Data},
  year         = {2020},
  url          = {https://amueller.github.io/COMS4995-s20/slides/aml-10-calibration-imbalanced-data/#40}}


@article{MishandledBgas,
author = {Herbert Van Leeuwen and Yingqian Zhang and Kalliopi Zevanou and Shantanu Mullick and Uzay Kaymak and Tom De Ruijter},
year = {2020},
month = {02},
journal = {},
publisher = {Eindhoven University of technology},
url = {https://pure.tue.nl/ws/portalfiles/portal/146339725/ICAART_2020_141_CR_2.pdf},
title = {Lost and Found: Predicting Airline Baggage At-risk of Being Mishandled}
}


@article{ForecastingFramework,
author = {Van Der Sanden},
year = {2020},
journal = {},

publisher = {Eindhoven University of technology},
url = {https://research.tue.nl/en/studentTheses/a-forecasting-framework-for-recirculation-in-baggage-handling-sys},
title = {A Forecasting Framework for Recirculation in
Baggage Handling Systems}
}


@article{SchedulingBGF,
author = {Abdelghanya and Abdelghanyb and Narasimhanc},
year = {2006},
journal = {Journal of Air Transport Management},

publisher = {},
url = {https://www.sciencedirect.com/journal/journal-of-air-transport-management},
title = {Scheduling baggage-handling facilities in congested airports}
}

@article{ImprovementofaSortationSystem,
author = {Van Den Hoven, Matthijs},
year = {2019},
month = {09},
journal = {},
publisher = {Department of Industrial Engineering & Innovation Sciences,
Operations Planning Accounting & Control},
url = {https://research.tue.nl/en/studentTheses/utilization-improvement-of-a-sortation-system-for-the-parcel-indu},
title = {Utilization Improvement of a
Sortation System for the Parcel
Industry}
}

@article{Breiman2001,
author = {Leo Breiman},
year = {2001},
month = {10},
journal = {},
publisher = {Statistics Department, University of California, Berkeley},
url = {https://doi.org/10.1023/A:1010933404324},
title = {Random Forests}
}

@article{DecisionTrees,
author = {Leo Breiman and Jerome Friedman and Charles Stone},
year = {1984},
month = {01},
journal = {Classification and Regression Trees},
publisher = {Taylor & Francis},
url = {https://books.google.fr/books/about/Classification_and_Regression_Trees.html?id=JwQx-WOmSyQC&redir_esc=y},
title = {Classification and Regression Trees
}
}


@article{ProbabilityCalibration,
author = {Alexandru Niculescu-Mizil and Rich Caruana},
year = {2005},
journal = {},
publisher = {Cornell University},
url = {10.1145/1102351.1102430},
title = {Predicting good probabilities with supervised learning}
}

@article{Zadrozny2002,
author = {Bianca Zadrovzny and Charles Elkan},
year = {2002},
journal = {Department of Computer Science and Engineering},
publisher = {University of California},
url = {https://doi.org/10.1145/775047.775151},
title = {Transforming Classifier Scores into Accurate Multiclass Probability Estimates}
}


@article{Undersampling2019,
author = {Malgorzata Bach and Aleksandra Werner and Mateusz Palt},
year = {2019},
month = {10},
journal = {},
publisher = {Silesian University of Technology},
url = {https://doi.org/10.1016/j.procs.2019.09.167},
title = {The Proposal of Undersampling Method for Learning from Imbalanced Datasets}
}


@online{RobustScaler,
  author       = {ScikitLearn},
  title        = {Robust Scaler documentation},
  year         = {2007 - 2024},
  url          = {https://scikit-learn.org/stable/modules/generated/sklearn.preprocessing.robust_scale.html#sklearn.preprocessing.robust_scale}
}

@online{StratifySplit,
  author       = {ScikitLearn},
  title        = {Train test split documentation},
  year         = {2007 - 2024},
  url          = {https://scikit-learn.org/stable/modules/generated/sklearn.model_selection.train_test_split.html}
}

@article{EMParzen,
author = {Emanuel Parzen},
year = {1962},
month = {09},
journal = {Project Euclid},
publisher = {Silesian University of Technology},
url = {https://doi.org/10.1214/aoms/1177704472},
title = {On Estimation of a Probability Density Function and Mode}
}


@article{BerksonLOGIT,
author = {Joseph Berkson},
year = {1944},
month = {09},
journal = {Journal of the American Statistical Association},
doi = {https://doi.org/10.2307/2280041},
url = {https://www.jstor.org/stable/2280041},
title = {Application of the Logistic Function to Bio-Assay
}
}

@article{Shapvalues,
author = {Christoph Molnar},
year = {2024},
journal = {},
doi = {},
url = {https://christophm.github.io/interpretable-ml-book/},
title = {Interpretable machine learning}
}

